@article{preach,
  author    = {Florian Merz and
               Peter Sanders},
  title     = {PReaCH: {A} Fast Lightweight Reachability Index using Pruning and
               Contraction Hierarchies},
  journal   = {CoRR},
  year      = {2014},
  volume    = {abs/1404.4465},
  url       = {http://arxiv.org/abs/1404.4465},
  timestamp = {Sun, 21 Sep 2014 15:43:57 +0200},
  biburl    = {http://dblp.uni-trier.de/rec/bib/journals/corr/MerzS14},
  bibsource = {dblp computer science bibliography, http://dblp.org}
}

@article{grail,
  author = {Yildirim, Hilmi and Chaoji, Vineet and Zaki, Mohammed J.},
  title = {GRAIL: Scalable Reachability Index for Large Graphs},
  journal = {Proc. VLDB Endow.},
  issue_date = {September 2010},
  volume = {3},
  number = {1-2},
  month = sep,
  year = {2010},
  issn = {2150-8097},
  pages = {276--284},
  numpages = {9},
  url = {http://dx.doi.org/10.14778/1920841.1920879},
  doi = {10.14778/1920841.1920879},
  acmid = {1920879},
  publisher = {VLDB Endowment},
}

@inproceedings{Jin:2009:HIS:1559845.1559930,
 author = {Jin, Ruoming and Xiang, Yang and Ruan, Ning and Fuhry, David},
 title = {3HOPP: A High-compression Indexing Scheme for Reachability Query},
 booktitle = {Proceedings of the 2009 ACM SIGMOD International Conference on Management of Data},
 series = {SIGMOD '09},
 year = {2009},
 isbn = {978-1-60558-551-2},
 location = {Providence, Rhode Island, USA},
 pages = {813--826},
 numpages = {14},
 url = {http://doi.acm.org/10.1145/1559845.1559930},
 doi = {10.1145/1559845.1559930},
 acmid = {1559930},
 publisher = {ACM},
 address = {New York, NY, USA},
 keywords = {2-hop, 3-hop, graph indexing, path-tree, reachability queries, transitive closure},
}
